@article{Chen,
	author={Chen P.,L. Mao, N. George, H. Peter, A. Barbara, L. Fuzhong},
	title={Coronavirus disease (COVID-19): The need to maintain regular physical activity while taking precautions.},
	journal={Journal of sport and health science},
	volume={9},
	number={2},
	pages={103-104},
	year={2020},
	month={02},
}